@online{bea_output,
  author={{US Bureau of Economic Analysis}},
  shortauthor={{BEA}},
  url= {https://apps.bea.gov/iTable},
  date = {2019-10-29},
  urldate = {2020-09-07},
  title = {Composition of Gross Output by Industry},
}

@online{bea_depreciation,
  author={{US Bureau of Economic Analysis}},
  shortauthor={{BEA}},
  url = {https://apps.bea.gov/iTable/iTable.cfm?reqid=10&step=3&isuri=1&table_list=132&series=q&first_year=2012&allyears=1&tabledisplay=&scale=-99&last_year=2019&categories=publicfaa},
  urldate = {2020-09-07},
  date = {2020-09-02},
  title = {Table 3.4ESI. Current-Cost Depreciation of Private Fixed Assets by Industry}
}

@online{DrillingInfo,
  date={2019-09-01},
  url={https://drillinginfo.com},
  author={Enverus},
}

@online{fred_cpi,
  author = {{US Bureau of Labor Statistics}},
  shortauthor={{BLS}},
  title = {Consumer Price Index for All Urban Consumers: All Items Less Food and Energy in U.S. City Average [CPILFENS]},
  publisher = {FRED, Federal Reserve Bank of St. Louis},
  url={https://fred.stlouisfed.org/series/CPILFENS},
  urldate={2019-10},
  date={2019-10},
}
