@article{AlixGarcia/Millimet:2022,
  doi = {10.1086/723723},
  date = {2022-12-01},
  publisher = {University of Chicago Press},
  author = {Jennifer Alix-Garcia and Daniel Millimet},
  title = {Remotely Incorrect? Accounting for Nonclassical Measurement Error in Satellite Data on Deforestation},
  journal = {Journal of the Association of Environmental and Resource Economists}
}

@article{Allen/etal:2013,
  doi = {10.1073/pnas.1304880110},
  date = {2013-09},
  publisher = {Proceedings of the National Academy of Sciences},
  volume = {110},
  number = {44},
  pages = {17768--17773},
  author = {D T Allen and V M Torres and J Thomas and D W Sullivan and M Harrison and A Hendler and S C Herndon and C E Kolb and M P Fraser and A D Hill and B K Lamb and J Miskimins and R F Sawyer and J H Seinfeld},
  title = {Measurements of methane emissions at natural gas production sites in the United States},
  journal = {Proceedings of the National Academy of Sciences}
}

@article{Allen/Chen/Dunn:2021,
  doi = {10.1021/acs.estlett.0c00907},
  date = {2021-01-25},
  publisher = {American Chemical Society ({ACS})},
  author = {David T Allen and Qining Chen and Jennifer B Dunn},
  title = {Consistent Metrics Needed for Quantifying Methane Emissions from Upstream Oil and Gas Operations},
  journal = {Environmental Science {\&} Technology Letters}
}

@article{Alvarez/etal:2018,
  doi = {10.1126/science.aar7204},
  date = {2018-06},
  publisher = {American Association for the Advancement of Science ({AAAS})},
  pages = {eaar7204},
  author = {Ram{\'{o}}n A Alvarez and Daniel Zavala-Araiza and David R Lyon and David T Allen and Zachary R Barkley and Adam R Brandt and Kenneth J Davis and Scott C Herndon and Daniel J Jacob and Anna Karion and Eric A Kort and Brian K Lamb and Thomas Lauvaux and Joannes D Maasakkers and Anthony J Marchese and Mark Omara and Stephen W Pacala and Jeff Peischl and Allen L Robinson and Paul B Shepson and Colm Sweeney and Amy Townsend-Small and Steven C Wofsy and Steven P Hamburg},
  title = {Assessment of methane emissions from the U.S. oil and gas supply chain},
  journal = {Science}
}

@article{Ayasse/Thorpe/Roberts/Funk/Dennison/Frankenberg/Steffke/Aubrey:2018,
  doi = {10.1016/j.rse.2018.06.018},
  date = {2018-09},
  publisher = {Elsevier {BV}},
  volume = {215},
  pages = {386--397},
  author = {Alana K Ayasse and Andrew K Thorpe and Dar A Roberts and Christopher C Funk and Philip E Dennison and Christian Frankenberg and Andrea Steffke and Andrew D Aubrey},
  title = {Evaluating the effects of surface properties on methane retrievals using a synthetic airborne visible/infrared imaging spectrometer next generation (\textsc{aviris-ng}) image},
  journal = {Remote Sensing of Environment}
}

@article{Brantley/Thoma/Squier/Guven/Lyon:2014,
  doi = {10.1021/es503070q},
  date = {2014-11},
  publisher = {American Chemical Society ({ACS})},
  volume = {48},
  number = {24},
  pages = {14508--14515},
  author = {Halley L Brantley and Eben D Thoma and William C Squier and Birnur B Guven and David Lyon},
  title = {Assessment of Methane Emissions from Oil and Gas Production Pads using Mobile Measurements},
  journal = {Environmental Science {\&} Technology}
}

@article{Calel/Mahdavi:2020,
  doi = {10.1073/pnas.2006774117},
  date = {2020-06-09},
  publisher = {Proceedings of the National Academy of Sciences},
  volume = {117},
  number = {23},
  pages = {12503--12507},
  author = {Raphael Calel and Paasha Mahdavi},
  title = {Opinion: The unintended consequences of antiflaring policies{\textemdash}and measures for mitigation},
  journal = {Proceedings of the National Academy of Sciences}
}

@article{Chan/Worthy/Chan/Ishizawa/Moran/Delcloo/Vogel:2020,
  doi = {10.1021/acs.est.0c04117},
  date = {2020-11-10},
  publisher = {American Chemical Society ({ACS})},
  author = {Elton Chan and Douglas E J Worthy and Douglas Chan and Misa Ishizawa and Michael D Moran and Andy Delcloo and Felix Vogel},
  title = {Eight-Year Estimates of Methane Emissions from Oil and Gas Operations in Western Canada Are Nearly Twice Those Reported in Inventories},
  journal = {Environmental Science {\&} Technology}
}

@article{Chen/Sherwin/Breman/Jones/Gordon/Wetherley/Kort/Brandt:2022,
  doi = {10.1021/acs.est.1c06458},
  year = {2022},
  month = {3},
  publisher = {American Chemical Society},
  volume = {56},
  number = {7},
  pages = {4317--4323},
  author = {Yuanlei Chen and Evan D Sherwin and Elena SF Berman and Brian B Jones and Matthew P Gordon and Erin B Wetherley and Eric A Kort and Adam R Brandt},
  title = {Quantifying Regional Methane Emissions in the New Mexico Permian Basin with a Comprehensive Aerial Survey},
  journal = {Environmental Science \& Technology}
}

@misc{Covert/Gazze/Greenstone/Rostapshova:2021,
  doi = {10.1257/rct.8405-1.0},
  date = {2021-10-21},
  publisher = {American Economic Association},
  author = {Thomas Covert and Ludovica Gazze and Michael Greenstone and Olga Rostapshova},
  title = {Inspection Risk Notifications at Oil and Gas Facilities in Colorado}
}

@article{Cusworth/Jacob/Varon/Miller/Liu/Chance/Thorpe/Duren/Miller/Thompson/Frankenberg/Guanter/Randles:2019,
  doi = {10.5194/amt-12-5655-2019},
  date = {2019-10},
  publisher = {Copernicus {GmbH}},
  volume = {12},
  number = {10},
  pages = {5655--5668},
  author = {Daniel H Cusworth and Daniel J Jacob and Daniel J Varon and Christopher Chan Miller and Xiong Liu and Kelly Chance and Andrew K Thorpe and Riley M Duren and Charles E Miller and David R Thompson and Christian Frankenberg and Luis Guanter and Cynthia A Randles},
  title = {Potential of next-generation imaging spectrometers to detect and quantify methane point sources from space},
  journal = {Atmospheric Measurement Techniques}
}

@article{Cusworth/Duren/Thorpe/OlsonDuvall/Heckler/Chapman/Eastwood/Helmlinger/Green/Asner/Dennison/Miller:2021,
  doi = {10.1021/acs.estlett.1c00173},
  date = {2021-06-02},
  publisher = {American Chemical Society ({ACS})},
  volume = {8},
  number = {7},
  pages = {567--573},
  author = {Daniel H Cusworth and Riley M Duren and Andrew K Thorpe and Winston Olson-Duvall and Joseph Heckler and John W Chapman and Michael L Eastwood and Mark C Helmlinger and Robert O Green and Gregory P Asner and Philip E Dennison and Charles E Miller},
  title = {Intermittency of Large Methane Emitters in the Permian Basin},
  journal = {Environmental Science {\&} Technology Letters}
}

@article{deGouw/etal:2020,
  doi = {10.1038/s41598-020-57678-4},
  date = {2020-01},
  publisher = {Springer Science and Business Media {LLC}},
  volume = {10},
  number = {1},
  author = {Joost A de Gouw and J Pepijn Veefkind and Esther Roosenbrand and Barbara Dix and John C Lin and Jochen Landgraf and Pieternel F Levelt},
  title = {Daily Satellite Observations of Methane from Oil and Gas Production Regions in the United States},
  journal = {Scientific Reports}
}

@article{Duren/etal:2019,
  doi = {10.1038/s41586-019-1720-3},
  date = {2019-11},
  publisher = {Springer Science},
  volume = {575},
  number = {7781},
  pages = {180--184},
  author = {Riley M Duren and Andrew K Thorpe and Kelsey T Foster and Talha Rafiq and Francesca M Hopkins and Vineet Yadav and Brian D Bue and David R Thompson and Stephen Conley and Nadia K Colombi and Christian Frankenberg and Ian B McCubbin and Michael L Eastwood and Matthias Falk and Jorn D Herner and Bart E Croes and Robert O Green and Charles E Miller},
  title = {California's methane super-emitters},
  journal = {Nature}
}

@article{epaRule2020,
  title={Oil and Natural Gas Sector: Emission Standards for New, Reconstructed, and Modified Sources Reconsideration},
  url={https://www.federalregister.gov/d/2020-18115/p-305},
  date={2020-09-15},
  urldate={2020-11-01},
  author={{US Environmental Protection Agency}},
  shortauthor={{EPA}},
  journal={Federal Register},
  page={57398--57460},
  volume={85},
  number={179}
}

@article{EPA-monitoring-2023,
  title={Greenhouse Gas Reporting Rule: Revisions and Confidentiality Determinations for Petroleum and Natural Gas Systems},
  url={https://www.federalregister.gov/d/2023-14338/p-258},
  date={2023-08-01},
  author={{US Environmental Protection Agency}},
  shortauthor={{EPA}},
  journal={Federal Register},
  page={50282--50441},
  volume={88},
  number={146}
}

@report{epa-ghgi:2023,
  author={{US Environmental Protection Agency}},
  shortauthor={{EPA}},
  url={https://www.epa.gov/ghgemissions/inventory-us-greenhouse-gas-emissions-and-sinks-1990-2021},
  title={Inventory of U.S. Greenhouse Gas Emissions and Sinks: 1990--2021},
  year={2023}
}

@online{EPA-methane-rule-RIA-2023,
  title = {Regulatory Impact Analysis of the Standards of Performance for New, Reconstructed, and Modified Sources and Emissions Guidelines for Existing Sources: Oil and Natural Gas Sector Climate Review},
  url={https://www.epa.gov/system/files/documents/2023-12/eo12866_oil-and-gas-nsps-eg-climate-review-2060-av16-ria-20231130.pdf},
  author={{US Environmental Protection Agency}},
  shortauthor={{EPA}},
  date = {2023-12-02}
}

@article{Fox/Barchyn/Risk/Ravikumar/Hugenholtz:2019,
  doi = {10.1088/1748-9326/ab0cc3},
  date = {2019-05-31},
  publisher = {{IOP} Publishing},
  volume = {14},
  number = {5},
  pages = {053002},
  author = {Thomas A Fox and Thomas E Barchyn and David Risk and Arvind P Ravikumar and Chris H Hugenholtz},
  title = {A review of close-range and screening technologies for mitigating fugitive methane emissions in upstream oil and gas},
  journal = {Environmental Research Letters}
}

@article{Fox/etal:2019,
  doi = {10.1525/elementa.369},
  url = {https://doi.org/10.1525/elementa.369},
  date = {2019-07-31},
  publisher = {University of California Press},
  volume = {7},
  author = {Thomas A Fox and Arvind P Ravikumar and Chris H Hugenholtz and Daniel Zimmerle and Thomas E Barchyn and Matthew R Johnson and David Lyon and Tim Taylor},
  editor = {Detlev Helmig and Stefan Schwietzke},
  title = {A methane emissions reduction equivalence framework for alternative leak detection and repair programs},
  journal = {Elementa: Science of the Anthropocene}
}

@article{Frankenberg/etal:2016,
  doi = {10.1073/pnas.1605617113},
  date = {2016-08},
  publisher = {Proceedings of the National Academy of Sciences},
  volume = {113},
  number = {35},
  pages = {9734--9739},
  author = {Christian Frankenberg and Andrew K Thorpe and David R Thompson and Glynn Hulley and Eric Adam Kort and Nick Vance and Jakob Borchardt and Thomas Krings and Konstantin Gerilowski and Colm Sweeney and Stephen Conley and Brian D Bue and Andrew D Aubrey and Simon Hook and Robert O Green},
  title = {Airborne methane remote measurements reveal heavy-tail flux distribution in Four Corners region},
  journal = {Proceedings of the National Academy of Sciences}
}

@article{Goetz/etal:2017,
  doi = {10.1525/elementa.182},
  date = {2017-02},
  publisher = {University of California Press},
  volume = {5},
  number = {0},
  pages = {1},
  author = {J Douglas Goetz and Anita Avery and Ben Werden and Cody Floerchinger and Edward C Fortner and Joda Wormhoudt and Paola Massoli and Scott C Herndon and Charles E Kolb and W Berk Knighton and Jeff Peischl and Carsten Warneke and Joost A De Gouw and Stephanie L Shaw and Peter F DeCarlo},
  title = {Analysis of local-scale background concentrations of methane and other gas-phase species in the Marcellus Shale},
  journal = {Elem Sci Anth}
}

@article{GorchovNegron/Kort/Conley/Smith:2020,
  doi = {10.1021/acs.est.0c00179},
  date = {2020-04},
  publisher = {American Chemical Society ({ACS})},
  author = {Alan M Gorchov Negron and Eric A Kort and Stephen A Conley and Mackenzie L Smith},
  title = {Airborne Assessment of Methane Emissions from Offshore Platforms in the U.S. Gulf of Mexico},
  journal = {Environmental Science {\&} Technology}
}

@techreport{ICF-abatement:2014,
  url={https://www.edf.org/sites/default/files/methane_cost_curve_report.pdf},
  date={2014-05},
  title={Economic Analysis of Methane Emission Reduction Opportunities in the U.S. Onshore Oil and Natural Gas Industries},
  shortauthor={{ICF}},
  author={{ICF International}}
}

@article{IrakulisLoitxate/Gorrono/ZavalaAraiza/Guanter:2022,
  doi = {10.1021/acs.estlett.2c00225},
  title = {Satellites detect a methane ultra-emission event from an offshore platform in the Gulf of Mexico},
  date = {2022-06-01},
  journal= {Environmental Science \& Technology Letters},
  author = {Irakulis-Loitxate, Itziar and Gorro{\~n}o, Javier and Zavala-Araiza, Daniel and Guanter, Luis},
  volume = {9},
  number = {6},
  pages = {520--525},
  publisher={ACS Publications}
}

@article{Jacob/etal:2016,
  doi = {10.5194/acp-16-14371-2016},
  date = {2016-11},
  publisher = {Copernicus {GmbH}},
  volume = {16},
  number = {22},
  pages = {14371--14396},
  author = {Daniel J Jacob and Alexander J Turner and Joannes D Maasakkers and Jianxiong Sheng and Kang Sun and Xiong Liu and Kelly Chance and Ilse Aben and Jason McKeever and Christian Frankenberg},
  title = {Satellite observations of atmospheric methane and their value for quantifying methane emissions},
  journal = {Atmospheric Chemistry and Physics}
}

@article{Kessel/Tabuchi:2019,
  title={It's a Vast, Invisible Climate Menace. We Made It Visible.},
  date={2019-12-12},
  author={Kessel, Jonah M and Tabuchi, Hiroko},
  url={https://www.nytimes.com/interactive/2019/12/12/climate/texas-methane-super-emitters.html},
  urldate={2020-09-30},
  journal={The New York Times}
}

@article{Lan/etal:2015,
  doi = {10.1021/es5063055},
  date = {2015-07},
  publisher = {American Chemical Society ({ACS})},
  volume = {49},
  number = {13},
  pages = {8139--8146},
  author = {Xin Lan and Robert Talbot and Patrick Laine and Azucena Torres},
  title = {Characterizing Fugitive Methane Emissions in the Barnett Shale Area Using a Mobile Laboratory},
  journal = {Environmental Science {\&} Technology}
}

@article{Lavoie/etal:2017,
  doi = {10.1021/acs.est.7b00814},
  date = {2017-07},
  publisher = {American Chemical Society ({ACS})},
  volume = {51},
  number = {14},
  pages = {8001--8009},
  author = {Tegan N Lavoie and Paul B Shepson and Maria O L Cambaliza and Brian H Stirm and Stephen Conley and Shobhit Mehrotra and Ian C Faloona and David Lyon},
  title = {Spatiotemporal Variability of Methane Emissions at Oil and Natural Gas Operations in the Eagle Ford Basin},
  journal = {Environmental Science {\&} Technology}
}

@article{Liu/Ravikumar/Bi/Zhang/Nie/Brandt/Bergerson:2021,
  title={Greenhouse Gas Emissions of Western Canadian Natural Gas: Proposed Emissions Tracking for Life Cycle Modeling},
  author={Liu, Ryan E and Ravikumar, Arvind P and Bi, Xiaotao Tony and Zhang, Siduo and Nie, Yuhao and Brandt, Adam and Bergerson, Joule A},
  journal={Environmental Science \& Technology},
  volume={55},
  number={14},
  pages={9711--9720},
  year={2021},
  publisher={ACS Publications},
  doi={10.1021/acs.est.0c06353}
}

@article{Lyon/Alvarez/Zavala-Araiza/Brandt/Jackson/Hamburg:2016,
  doi = {10.1021/acs.est.6b00705},
  date = {2016-04},
  publisher = {American Chemical Society},
  volume = {50},
  number = {9},
  pages = {4877--4886},
  author = {David R Lyon and Ram{\'{o}}n A Alvarez and Daniel Zavala-Araiza and Adam R Brandt and Robert B Jackson and Steven P Hamburg},
  title = {Aerial Surveys of Elevated Hydrocarbon Emissions from Oil and Gas Production Sites},
  journal = {Environmental Science {\&} Technology}
}

@article{Lyon/etal:2020,
  doi = {10.5194/acp-2020-1175},
  date = {2020-12},
  publisher = {Copernicus {GmbH}},
  author = {David R Lyon and Benjamin Hmiel and Ritesh Gautam and Mark Omara and Kate Roberts and Zachary R Barkley and Kenneth J David and Natasha L Miles and Vanessa C Monteiro and Scott J Richardson and Stephen Conley and Mackenzie L Smith and Daniel J Jacob and Lu Shen and Daniel J Varon and Aijun Deng and Xander Rudelis and Nikhil Sharma and Kyle T Story and Adam R Brandt and Mary Kang and Eric A Kort and Anthony J Marchese and Steven P Hamburg},
  title = {Concurrent variation in oil and gas methane emissions and oil price
		during the {COVID}-19 pandemic}
}

@article{Maasakkers/etal:2019,
  doi = {10.5194/acp-2018-1365},
  date = {2019-01},
  publisher = {Copernicus {GmbH}},
  pages = {1--36},
  author = {Joannes D Maasakkers and Daniel J Jacob and Melissa P Sulprizio and Tia R Scarpelli and Hannah Nesser and Jian-Xiong Sheng and Yuzhong Zhang and Monica Hersher and A Anthony Bloom and Kevin W Bowman and John R Worden and Greet Janssens-Maenhout and Robert J Parker},
  title = {Global distribution of methane emissions,  emission trends,  and {OH}
    concentrations and trends inferred from an inversion of {GOSAT}
    satellite data for 2010--2015},
  journal = {Atmospheric Chemistry and Physics Discussions}
}

@article{McDuffie/etal:2023,
  title = {The Social Cost of Ozone‐Related Mortality Impacts From Methane Emissions},
  volume = {11},
  ISSN = {2328-4277},
  DOI = {10.1029/2023ef003853},
  number = {9},
  journal = {Earth's Future},
  publisher = {American Geophysical Union (AGU)},
  author = {McDuffie, Erin E and Sarofim, Marcus C and Raich, William and Jackson, Melanie and Roman, Henry and Seltzer, Karl and Henderson, Barron H and Shindell, Drew T and Collins, Mei and Anderton, Jim and Barr, Sarah and Fann, Neal},
  date = {2023-09-11},
}

@article{Omara/Sullivan/Li/Subramanian/Robinson/Presto:2016,
  doi = {10.1021/acs.est.5b05503},
  date = {2016-11},
  publisher = {American Chemical Society ({ACS})},
  volume = {50},
  number = {4},
  pages = {2099--2107},
  author = {Mark Omara and Melissa R Sullivan and Xiang Li and R Subramanian and Allen L Robinson and Albert A Presto},
  title = {Methane Emissions from Conventional and Unconventional Natural Gas Production Sites in the Marcellus Shale Basin},
  journal = {Environmental Science {\&} Technology}
}

@article{Omara/Zimmerman/Sullivan/Li/Ellis/Cesa/Subramanian/Presto/Robinson:2018,
  doi = {10.1021/acs.est.8b03535},
  date = {2018-09},
  publisher = {American Chemical Society},
  volume = {52},
  number = {21},
  pages = {12915--12925},
  author = {Mark Omara and Naomi Zimmerman and Melissa R Sullivan and Xiang Li and Aja Ellis and Rebecca Cesa and R Subramanian and Albert A Presto and Allen L Robinson},
  title = {Methane Emissions from Natural Gas Production Sites in the United States: Data Synthesis and National Estimate},
  journal = {Environmental Science {\&} Technology}
}

@report{InflationReductionActMethaneFee,
  title = {Inflation Reduction Act Methane Emissions Charge: In Brief},
  number = {R47206},
  publisher = {Congressional Research Service},
  date = {2022-08-29},
  author = {Ramseur, Johnathan L},
  url={https://crsreports.congress.gov/product/pdf/R/R47206}
}

@article{Plant/etal:2022,
  title = {Inefficient and unlit natural gas flares both emit large quantities of methane},
  volume = {377},
  ISSN = {1095-9203},
  DOI = {10.1126/science.abq0385},
  number = {6614},
  journal = {Science},
  publisher = {American Association for the Advancement of Science (AAAS)},
  author = {Plant, Genevieve and Kort,  Eric A. and Brandt,  Adam R. and Chen, Yuanlei and Fordice, Graham and Gorchov Negron, Alan M. and Schwietzke, Stefan and Smith,  Mackenzie and Zavala-Araiza, Daniel},
  date = {2022-09-29},
  pages = {1566–1571}
}

@article{Ravikumar/etal:2019,
  doi = {10.1525/elementa.373},
  date = {2019-09-10},
  publisher = {University of California Press},
  volume = {7},
  author = {Ravikumar, Arvind P and Sreedhara, Sindhu and Wang, Jingfan and Englander, Jacob and Roda-Stuart, Daniel and Bell, Clay and Zimmerle, Daniel and Lyon, David and Mogstad, Isabel and Ratner, Ben and Brandt, Adam R},
  editor = {Detlev Helmig and Brian Lamb},
  title = {Single-blind inter-comparison of methane detection technologies {\textendash} results from the Stanford/{EDF} Mobile Monitoring Challenge},
  journal = {Elementa: Science of the Anthropocene}
}

@article{Ravikumar/etal:2020,
  doi = {10.1088/1748-9326/ab6ae1},
  date = {2020-02-26},
  publisher = {{IOP} Publishing},
  volume = {15},
  number = {3},
  pages = {034029},
  author = {Ravikumar, Arvind P and Roda-Stuart, Daniel and Liu, Ryan and Bradley, Alexander and Bergerson, Joule and Nie, Yuhao and Zhang, Siduo and Bi, Xiaotao and Brandt, Adam R},
  title = {Repeated leak detection and repair surveys reduce methane emissions over scale of years},
  journal = {Environmental Research Letters}
}

@article{Rella/Tsai/Botkin/Crosson/Steele:2015,
  doi = {10.1021/acs.est.5b00099},
  date = {2015-03},
  publisher = {American Chemical Society ({ACS})},
  volume = {49},
  number = {7},
  pages = {4742--4748},
  author = {Chris W Rella and Tracy R Tsai and Connor G Botkin and Eric R Crosson and David Steele},
  title = {Measuring Emissions from Oil and Natural Gas Well Pads Using the Mobile Flux Plane Technique},
  journal = {Environmental Science {\&} Technology}
}

@article{Robertson/Edie/Snare/Soltis/Field/Burkhart/Bell/Zimmerle/Murphy:2017,
  doi = {10.1021/acs.est.7b00571},
  date = {2017-07},
  publisher = {American Chemical Society ({ACS})},
  volume = {51},
  number = {15},
  pages = {8832--8840},
  author = {Anna M Robertson and Rachel Edie and Dustin Snare and Jeffrey Soltis and Robert A Field and Matthew D Burkhart and Clay S Bell and Daniel Zimmerle and Shane M Murphy},
  title = {Variation in Methane Emission Rates from Well Pads in Four Oil and Gas Basins with Contrasting Production Volumes and Compositions},
  journal = {Environmental Science {\&} Technology}
}

@article{Robertson/etal:2020,
  doi = {10.1021/acs.est.0c02927},
  date = {2020-10-15},
  publisher = {American Chemical Society ({ACS})},
  author = {Anna M Robertson and Rachel Edie and Robert A Field and David Lyon and Renee McVay and Mark Omara and Daniel Zavala-Araiza and Shane M Murphy},
  title = {New Mexico Permian Basin Measured Well Pad Methane Emissions Are a Factor of 5{\textendash}9 Times Higher Than U.S. {EPA} Estimates},
  journal = {Environmental Science {\&} Technology}
}

@article{Rutherford/etal:2021,
  doi = {10.1038/s41467-021-25017-4},
  date={2021-08-05},
  author = {Jeffrey Rutherford and Evan Sherwin and Arvind Ravikumar and Garvin Heath and Jacob Englander and Daniel Cooley and David Lyon and Mark Omara and Quinn Langfitt and Adam Brandt},
  title = {Closing the methane gap in {US} oil and natural gas production emissions inventories},
  journal = {Nature Communications},
  publisher = {Springer Science and Business Media {LLC}},
  volume = {12},
  number = {4715}
}

@article{Schneising/etal:2020,
  doi = {10.5194/acp-20-9169-2020},
  date = {2020-08-03},
  publisher = {Copernicus {GmbH}},
  volume = {20},
  number = {15},
  pages = {9169--9182},
  author = {Oliver Schneising and Michael Buchwitz and Maximilian Reuter and Steffen Vanselow and Heinrich Bovensmann and John P Burrows},
  title = {Remote sensing of methane leakage from natural gas and petroleum systems revisited},
  journal = {Atmospheric Chemistry and Physics}
}

@article{Sheng/Jacob/Maasakkers/Zhang/Sulprizio:2018,
  doi = {10.5194/amt-11-6379-2018},
  date = {2018-11},
  publisher = {Copernicus {GmbH}},
  volume = {11},
  number = {12},
  pages = {6379--6388},
  author = {Jian-Xiong Sheng and Daniel J Jacob and Joannes D Maasakkers and Yuzhong Zhang and Melissa P Sulprizio},
  title = {Comparative analysis of low-Earth orbit ({TROPOMI}) and geostationary ({GeoCARB},  {GEO}-{CAPE}) satellite instruments for constraining methane emissions on fine regional scales: application to the Southeast {US}},
  journal = {Atmospheric Measurement Techniques}
}

@article{Sherwin/etal:2023,
  title = {Quantifying oil and natural gas system emissions using one million aerial site measurements},
  doi = {10.21203/rs.3.rs-2406848/v1},
  publisher = {Research Square Platform LLC},
  author = {Sherwin, Evan and Rutherford, Jeffrey and Zhang, Zhan and Chen, Yuanlei and Wetherley,  Erin and Yakovlev, Petr and Berman, Elena and Jones, Brian and Thorpe, Andrew and Ayasse,  Alana and Duren, Riley and Brandt, Adam and Cusworth, Daniel},
  date = {2023-01-16},
}

@article{Tanaka/Cavalett/Collins/Cherubini:2019,
  doi = {10.1038/s41558-019-0457-1},
  date = {2019-04-22},
  publisher = {Springer},
  volume = {9},
  number = {5},
  pages = {389--396},
  author = {Katsumasa Tanaka and Ot{\'{a}}vio Cavalett and William J Collins and Francesco Cherubini},
  title = {Asserting the climate benefits of the coal-to-gas shift across temporal and spatial scales},
  journal = {Nature Climate Change}
}

@misc{tropomi-data,
  doi = {10.5270/s5p-3p6lnwd},
  year = {2019},
  author = {{European Space Agency}},
  title = {Copernicus Sentinel-5\textsc{p} \textsc{tropomi} Level 2 Methane Total Column products}
}

@article{Wang/etal:2020,
  doi = {10.1016/j.apenergy.2019.113998},
  date = {2020-01-01},
  publisher = {Elsevier {BV}},
  volume = {257},
  pages = {113998},
  author = {Jingfan Wang and Lyne P Tchapmi and Arvind P Ravikumar and Mike McGuire and Clay S Bell and Daniel Zimmerle and Silvio Savarese and Adam R Brandt},
  title = {Machine vision for natural gas methane emissions detection using an infrared camera},
  journal = {Applied Energy}
}

@article{Wang/Nadarajah/Wang/Ravikumar:2020,
  doi = {10.31223/x57w29},
  date = {2020-11-05},
  publisher = {California Digital Library ({CDL})},
  author = {Wang, Jiayang Lyra and Nadarajah, Selvaprabu and Wang, Jingfan and Ravikumar, Arvind},
  title = {A Machine Learning Approach to Methane Emissions Mitigation in the Oil and Gas Industry}
}

@article{Wang/Barlow/Funk/Robinson/Brandt/Ravikumar:2021,
  title={Large-Scale Controlled Experiment Demonstrates Effectiveness of Methane Leak Detection and Repair Programs at Oil and Gas Facilities},
  author={Wang, Jiayang Lyra and Barlow, Brenna and Funk, Wes and Robinson, Cooper and Brandt, Adam R and Ravikumar, Arvind},
  date={2021-12-09},
  doi={10.31223/X5JH0J},
  publisher={EarthArXiv}
}

@article{Wang/Daniels/Hammerling/Harrison/Burmaster/George/Ravikumar:2022,
  doi = {10.1021/acs.est.2c06211},
  date = {2022-10-06},
  publisher = {American Chemical Society ({ACS})},
  volume = {56},
  number = {20},
  pages = {14743--14752},
  author={Wang, Jiayang Lyra and Daniels, William S and Hammerling, Dorit M and Harrison, Matthew and Burmaster, Kaylyn and George, Fiji C and Ravikumar, Arvind P},
  title = {Multiscale Methane Measurements at Oil and Gas Facilities Reveal Necessary Frameworks for Improved Emissions Accounting},
  journal = {Environmental Science \& Technology}
}

@article{Williams/Regehr/Kang:2020,
  doi = {10.1021/acs.est.0c04265},
  date = {2020-12-15},
  publisher = {American Chemical Society ({ACS})},
  volume = {55},
  number = {1},
  pages = {563--570},
  author = {James P Williams and Amara Regehr and Mary Kang},
  title = {Methane Emissions from Abandoned Oil and Gas Wells in Canada and the United States},
  journal = {Environmental Science {\&} Technology}
}

@article{Yacovitch/etal:2015,
  doi = {10.1021/es506352j},
  date = {2015-03},
  publisher = {American Chemical Society ({ACS})},
  volume = {49},
  number = {13},
  pages = {7889--7895},
  author = {Tara I Yacovitch and Scott C Herndon and Gabrielle P{\'{e}}tron and Jonathan Kofler and David Lyon and Mark S Zahniser and Charles E Kolb},
  title = {Mobile Laboratory Observations of Methane Emissions in the Barnett Shale Region},
  journal = {Environmental Science {\&} Technology}
}

@article{Yang/Ravikumar/Simon:2020,
  doi = {10.31223/x55p5r},
  date = {2020-12-07},
  publisher = {California Digital Library ({CDL})},
  author = {Shuting Yang and Arvind Ravikumar and Sara Simon},
  title = {Global Liquefied Natural Gas Industry Expansion May Imperil Paris Agreement Temperature Targets}
}

@article{Yokota/Yoshida/Eguchi/Ota/Tanaka/Watanabe/Maksyutov:2009,
  doi = {10.2151/sola.2009-041},
  year = {2009},
  publisher = {Meteorological Society of Japan},
  volume = {5},
  pages = {160--163},
  author = {T Yokota and Y Yoshida and N Eguchi and Y Ota and T Tanaka and H Watanabe and S Maksyutov},
  title = {Global Concentrations of \ce{CO2} and \ce{CH4} Retrieved from \textsc{gosat}: First Preliminary Results},
  journal = {{SOLA}}
}

@article{ZavalaAraiza/etal:2015,
  doi = {10.1073/pnas.1522126112},
  date = {2015-12},
  publisher = {Proceedings of the National Academy of Sciences},
  volume = {112},
  number = {51},
  pages = {15597--15602},
  author = {Daniel Zavala-Araiza and David R Lyon and Ram{\'{o}}n A Alvarez and Kenneth J Davis and Robert Harriss and Scott C Herndon and Anna Karion and Eric Adam Kort and Brian K Lamb and Xin Lan and Anthony J Marchese and Stephen W Pacala and Allen L Robinson and Paul B Shepson and Colm Sweeney and Robert Talbot and Amy Townsend-Small and Tara I Yacovitch and Daniel J Zimmerle and Steven P Hamburg},
  title = {Reconciling divergent estimates of oil and gas methane emissions},
  journal = {Proceedings of the National Academy of Sciences}
}

@article{ZavalaAraiza/etal:2017,
  doi = {10.1038/ncomms14012},
  date = {2017-01-16},
  publisher = {Springer Science and Business Media {LLC}},
  volume = {8},
  number = {1},
  author = {Daniel Zavala-Araiza and Ram{\'{o}}n A Alvarez and David R Lyon and David T Allen and Anthony J Marchese and Daniel J Zimmerle and Steven P Hamburg},
  title = {Super-emitters in natural gas infrastructure are caused by abnormal process conditions},
  journal = {Nature Communications}
}

@article{ZavalaAraiza/Herndon/Roscioli/Yacovitch/Johnson/Tyner/Omara/Knighton:2018,
  doi = {10.1525/elementa.284},
  year = {2018-03},
  publisher = {University of California Press},
  volume = {6},
  number = {1},
  pages = {27},
  author = {Daniel Zavala-Araiza and Scott C Herndon and Joseph R Roscioli and Tara I Yacovitch and Matthew R Johnson and David R Tyner and Mark Omara and Berk Knighton},
  title = {Methane emissions from oil and gas production sites in Alberta, Canada},
  journal = {Elem Sci Anth}
}

@article{Zhang/etal:2020,
  doi = {10.1126/sciadv.aaz5120},
  date = {2020-04-22},
  publisher = {American Association for the Advancement of Science ({AAAS})},
  volume = {6},
  number = {17},
  pages = {eaaz5120},
  author = {Yuzhong Zhang and Ritesh Gautam and Sudhanshu Pandey and Mark Omara and Joannes D Maasakkers and Pankaj Sadavarte and David Lyon and Hannah Nesser and Melissa P Sulprizio and Daniel J Varon and Ruixiong Zhang and Sander Houweling and Daniel Zavala-Araiza and Ramon A Alvarez and Alba Lorente and Steven P Hamburg and Ilse Aben and Daniel J Jacob},
  title = {Quantifying methane emissions from the largest oil-producing basin in the United States from space},
  journal = {Science Advances}
}
