@article{Segerson:1988,
  doi = {10.1016/0095-0696(88)90030-7},
  date = {1988-03},
  publisher = {Elsevier {BV}},
  volume = {15},
  number = {1},
  pages = {87--98},
  author = {Segerson, Kathleen},
  title = {Uncertainty and incentives for nonpoint pollution control},
  journal = {Journal of Environmental Economics and Management}
}

@article{Rothschild/Stiglitz:1978,
  doi = {10.1016/b978-0-12-214850-7.50024-3},
  date = {1978-11},
  publisher = {Elsevier},
  pages = {629--649},
  author = {Rothschild, Michael and Stiglitz, Joseph},
  title = {Equilibrium in Competitive Insurance Markets: An Essay on the Economics of Imperfect Information},
  journal = {Quarterly Journal of Economics},
  volume = {40},
  number = {4},
}

% Note: Marks (2021) is the published version of Marks (2018): http://www.levimarks.com/marks_ml_abatement.pdf
@article{Marks:2021,
  doi = {10.1086/716700},
  date = {2022-01-05},
  publisher = {University of Chicago Press},
  author = {Marks, Levi},
  title = {The Abatement Cost of Methane Emissions from Natural Gas Production},
  journal = {Journal of the Association of Environmental and Resource Economists}
}

@unpublished{Marks:2019,
  url={http://www.levimarks.com/marks_sampling_based_pricing.pdf},
  author = {Marks, Levi},
  date = {2019-10-27},
  urldate = {2019-11-12},
  title = {A Sampling-Based Approach to Emissions Pricing}
}


@online{EPASCC:2016,
  url = {https://19january2017snapshot.epa.gov/climatechange/social-cost-carbon_.html},
  title = {The Social Cost of Carbon},
  urldate = {2018-01-08},
  date = {2016-08},
  subtitle = {Estimating the Benefits of Reducing Greenhouse Gas Emissions},
  author={{US Environmental Protection Agency}},
  shortauthor={{EPA}}
}

% old:
@online{EPASCC-smallcaps:2016,
  url = {https://19january2017snapshot.epa.gov/climatechange/social-cost-carbon_.html},
  title = {The Social Cost of Carbon},
  urldate = {2018-01-08},
  date = {2016-08},
  subtitle = {Estimating the Benefits of Reducing Greenhouse Gas Emissions},
  author = {\textsc{{us epa}}}
}


@online{EPASCC:2023,
  url = {https://www.epa.gov/system/files/documents/2023-12/epa_scghg_2023_report_final.pdf},
  title = {EPA Report on the Social Cost of Greenhouse Gases: Estimates Incorporating Recent Scientific Advances},
  date = {2023-12-02},
  author={{US Environmental Protection Agency}},
  shortauthor={{EPA}}
}

@article{Hausman/Muehlenbachs:2019,
  doi = {10.1086/700301},
  date  = {2019-01},
  publisher = {University of Chicago Press},
  volume = {6},
  number = {1},
  pages = {73--109},
  author = {Catherine Hausman and Lucija Muehlenbachs},
  title = {Price Regulation and Environmental Externalities: Evidence from Methane Leaks},
  journal = {Journal of the Association of Environmental and Resource Economists}
}

@article{Cremer/Gahvari:2002,
  doi = {10.1016/s0047-2727(01)00120-7},
  date  = {2002-09},
  publisher = {Elsevier {BV}},
  volume = {85},
  number = {3},
  pages = {385--407},
  author = {Helmuth Cremer and Firouz Gahvari},
  title = {Imperfect observability of emissions and second-best emission and output taxes},
  journal = {Journal of Public Economics}
}

@article{Stranlund/Chavez/Villena:2009,
  doi = {10.1016/j.jeem.2008.12.002},
  date  = {2009-09},
  publisher = {Elsevier {BV}},
  volume = {58},
  number = {2},
  pages = {183--191},
  author = {John K Stranlund and Carlos A Ch{\'{a}}vez and Mauricio G Villena},
  title = {The optimal pricing of pollution when enforcement is costly},
  journal = {Journal of Environmental Economics and Management}
}

@article{Malik:1992,
  doi = {10.1111/j.1465-7295.1992.tb01292.x},
  date  = {1992-10},
  publisher = {Wiley},
  volume = {30},
  number = {4},
  pages = {714--721},
  author = {Malik, Arun S},
  title = {Enforcement Costs and the Choice of Policy Instruments for Controlling Pollution},
  journal = {Economic Inquiry}
}

@article{Anderson/Kellogg/Salant:2018,
  doi = {10.1086/697203},
  date = {2018-06},
  publisher = {University of Chicago Press},
  volume = {126},
  number = {3},
  pages = {984--1026},
  author = {Soren T Anderson and Ryan Kellogg and Stephen W Salant},
  title = {Hotelling under Pressure},
  journal = {Journal of Political Economy}
}

@article{Fowlie/Muller:2019,
  doi = {10.1086/702852},
  date = {2019-05},
  publisher = {University of Chicago Press},
  volume = {6},
  number = {3},
  pages = {593--632},
  author = {Meredith Fowlie and Nicholas Muller},
  title = {Market-Based Emissions Regulation When Damages Vary across Sources: What Are the Gains from Differentiation?},
  journal = {Journal of the Association of Environmental and Resource Economists}
}

@techreport{Holland/Mansur/Muller/Yates:2018,
  doi = {10.3386/w25339},
  date = {2018-12},
  institution = {National Bureau of Economic Research},
  author = {Stephen Holland and Erin Mansur and Nicholas Muller and Andrew Yates},
  title = {Decompositions and Policy Consequences of an Extraordinary Decline in Air Pollution from Electricity Generation}
}

@article{Chetty:2009,
  doi={10.1146/annurev.economics.050708.142910},
  author={Chetty, Raj},
  title={Sufficient Statistics for Welfare Analysis: A Bridge Between Structural and Reduced-Form Methods},
  pages = {451--487},
  date = {2009-09},
  volume = {1},
  journal = {Annual Review of Economics}
}

@techreport{Houde/Myers:2019,
  author = {Houde, S\'{e}bastian and Myers, Erica},
  date = {2019-04},
  doi = {10.3386/w25722},
  number = {25722},
  title = {Heterogeneous (Mis-) Perceptions of Energy Costs: Implications for Measurement and Policy Design},
  institution = {National Bureau of Economic Research}
}

@inproceedings{Lucas:1976,
  year = {1976},
  title = {Econometric policy evaluation: A critique},
  volume = {1},
  pages = {19--46},
  booktitle = {Carnegie--Rochester conference series on public policy},
  organization = {North-Holland},
  author = {Lucas, Robert E},
}

@book{Karp:2017,
  title={Natural Resources as Capital},
  author={Karp, Larry},
  year={2017},
  publisher={MIT Press},
  lccn={2016051902}
}

@techreport{Arkhangelsky/Athey/Hirshberg/Imbens/Wager:2019,
  author = {Arkhangelsky, Dmitry and Athey, Susan and Hirshberg, David A and Imbens, Guido W and Wager, Stefan},
  date = {2019-02},
  doi = {10.3386/w25532},
  number = {25532},
  title = {Synthetic Difference in Differences},
  institution = {National Bureau of Economic Research}
}

@article{Arps:1945,
  title={Analysis of decline curves},
  author={Arps, Jan J},
  journal={Transactions of the AIME},
  volume={160},
  number={01},
  pages={228--247},
  year={1945},
  publisher={Society of Petroleum Engineers}
}

@unpublished{Cicala/Hemous/Olsen:2019,
  url={http://home.uchicago.edu/~scicala/papers/unraveling/unraveling_climate_change_draft.pdf},
  urldate={2019-11-07},
  date={2019-11-06},
  title={Advantageous Selection as a Policy Instrument: Unraveling Climate Change},
  author={Cicala, Steve and H\'{e}mous, David and Olsen, Morten}
}

@unpublished{Agerton:2019,
  title={Learning Where to Drill: Drilling Decisions and Geological Quality in the Haynesville Shale},
  author={Agerton, Mark},
  date={2019-03-20},
  urldate={2019-11-18},
  url={https://markagerton.com/files/Agerton_LearningWhereToDrill.pdf}
}

@article{Hausman/Kellogg:2015,
 ISSN = {00072303, 15334465},
 URL = {http://www.jstor.org/stable/43684099},
 author = {Hausman, Catherine and Kellogg, Ryan},
 journal = {Brookings Papers on Economic Activity},
 pages = {71--125},
 publisher = {Brookings Institution Press},
 title = {Welfare and Distributional Implications of Shale Gas},
 year = {2015}
}

@article{Newell/Stavins:2003,
  doi = {10.1023/a:1021879330491},
  year = {2003},
  publisher = {Springer},
  volume = {23},
  number = {1},
  pages = {43--59},
  author = {Richard G Newell and Robert N Stavins},
  journal = {Journal of Regulatory Economics}
}

@article{Knittel/Sandler:2018,
  doi = {10.1257/pol.20160508},
  date = {2018-11},
  publisher = {American Economic Association},
  volume = {10},
  number = {4},
  pages = {211--242},
  author = {Christopher R Knittel and Ryan Sandler},
  title = {The Welfare Impact of Second-Best Uniform-Pigouvian Taxation: Evidence from Transportation},
  journal = {American Economic Journal: Economic Policy}
}

@article{Diamond:1973,
  doi = {10.2307/3003052},
  year = {1973},
  publisher = {\textsc{RAND} Corporation},
  volume = {4},
  number = {2},
  pages = {526},
  author = {Peter A Diamond},
  title = {Consumption Externalities and Imperfect Corrective Pricing},
  journal = {The Bell Journal of Economics and Management Science}
}

@article{Allen/Shine/Fuglestvedt/Millar/Cain/Frame/Macey:2018,
  doi = {10.1038/s41612-018-0026-8},
  date = {2018-06},
  publisher = {Springer Science and Business Media},
  volume = {1},
  number = {1},
  author = {Myles R Allen and Keith P Shine and Jan S Fuglestvedt and Richard J Millar and Michelle Cain and David J Frame and Adrian H Macey},
  title = {A solution to the misrepresentations of \ce{CO2}-equivalent emissions of short-lived climate pollutants under ambitious mitigation},
  journal = {npj Climate and Atmospheric Science}
}

% Table 7.15: methane GWP100 is 29.8 +/- 11
@inbook{ipcc_ar6_methane_gwp,
  author = {
    Forster, Piers and
    Storelvmo, Trude and
    Armour, Kyle and
    Collins, William and
    Dufresne, Jean-Louis and
    Frame, David and
    Lunt, Daniel J and
    Thorsten Mauritsen and
    Palmer, Matthew D and
    Watanabe, Masahiro and
    Wild, Martin and
    Zhang, Hua},
  title = {The Earth's Energy Budget, Climate Feedbacks, and Climate Sensitivity},
  booktitle = {Climate Change 2021: The Physical Science Basis. Contribution of Working Group I to the Sixth Assessment Report of the Intergovernmental Panel on Climate Change},
  editor = {
    Masson-Delmotte, Val\'{e}rie and
    Zhai, Panmao and
    Pirani, Anna and
    Connors, Sarah L and
    P\'{e}an, Clotilde and
    Berger, Sophie and
    Caud, Nada and
    Chen, Yang and
    Goldfarb, Leah and
    Gomis, Melissa I and
    Huang, Mengtian and
    Leitzell, Katherine and
    Lonnoy, Elisabeth and
    Matthews, J B Robin and
    Maycock, Thomas K and
    Waterfield, Tim and
    Yelek\c{c}i Ozge and
    Yu, Rong and
    Zhou, Baiquan},
  publisher = {Cambridge University Press},
  address = {Cambridge, United Kingdom and New York, NY, USA},
  chapter = {7},
  pages = {7--125},
  year = {2021},
  type = {Book Section},
  urldate={2021-08-13},
  pubstate={inpress},
  url = {https://www.ipcc.ch/report/ar6/wg1/downloads/report/IPCC_AR6_WGI_Chapter_07.pdf#page=131},
}

@article{Kellogg:2014,
  doi = {10.1257/aer.104.6.1698},
  date = {2014-06},
  publisher = {American Economic Association},
  volume = {104},
  number = {6},
  pages = {1698--1734},
  author = {Ryan Kellogg},
  title = {The Effect of Uncertainty on Investment: Evidence from Texas Oil Drilling},
  journal = {American Economic Review}
}

@article{Min/Agresti:2002,
  title={Modeling nonnegative data with clumping at zero: a survey},
  author={Min, Yongyi and Agresti, Alan},
  year={2002},
  journal={Journal of the Iranian Statistical Society}
}

@article{Duan/Manning/Morris/Newhouse:1983,
  doi = {10.1080/07350015.1983.10509330},
  date = {1983-04},
  publisher = {Informa {UK} Limited},
  volume = {1},
  number = {2},
  pages = {115--126},
  author = {Naihua Duan and Willard G Manning and Carl N Morris and Joseph P Newhouse},
  title = {A Comparison of Alternative Models for the Demand for Medical Care},
  journal = {Journal of Business {\&} Economic Statistics}
}

@article{Moulton/Halsey:1995,
  doi = {10.2307/2533289},
  date = {1995-12},
  publisher = {{JSTOR}},
  volume = {51},
  number = {4},
  pages = {1570},
  author = {Lawrence H Moulton and Neal A Halsey},
  title = {A Mixture Model with Detection Limits for Regression Analyses of Antibody Response to Vaccine},
  journal = {Biometrics}
}

@article{Kilian:2016,
  doi = {10.1093/reep/rew001},
  url = {https://doi.org/10.1093/reep/rew001},
  date = {2016-07},
  publisher = {Oxford University Press ({OUP})},
  volume = {10},
  number = {2},
  pages = {185--205},
  author = {Lutz Kilian},
  title = {The Impact of the Shale Oil Revolution on U.S. Oil and Gasoline Prices},
  journal = {Review of Environmental Economics and Policy}
}

@incollection{Oates/Portney:2003,
  doi = {10.1016/s1574-0099(03)01013-1},
  year = {2003},
  publisher = {Elsevier},
  pages = {325--354},
  author = {Wallace E Oates and Paul R Portney},
  title = {The Political Economy of Environmental Policy},
  booktitle = {Environmental Degradation and Institutional Responses}
}

@incollection{Sterner/Robinson:2018,
  title={Selection and design of environmental policy instruments},
  author={Sterner, Thomas and Robinson, Elizabeth JZ},
  booktitle={Handbook of environmental economics},
  volume={4},
  pages={231--284},
  year={2018},
  publisher={Elsevier},
  url={https://www.sciencedirect.com/science/article/pii/S157400991830007X}
}

@incollection{Helfand/Berck/Maull:2003,
  doi = {10.1016/s1574-0099(03)01011-8},
  year = {2003},
  publisher = {Elsevier},
  pages = {249--303},
  author = {Gloria E Helfand and Peter Berck and Tim Maull},
  title = {The Theory of Pollution Policy},
  booktitle = {Environmental Degradation and Institutional Responses}
}

@article{Wu/Segerson:1995,
  doi = {10.1029/95wr00589},
  date = {1995-07},
  publisher = {American Geophysical Union ({AGU})},
  volume = {31},
  number = {7},
  pages = {1773--1780},
  author = {JunJie Wu and Kathleen Segerson},
  title = {On the Use of Aggregate Data to Evaluate Groundwater Protection Policies},
  journal = {Water Resources Research}
}

@article{Angrist/Chernozhukov/Fernandez-Val:2006,
  doi = {10.1111/j.1468-0262.2006.00671.x},
  date = {2006-03},
  publisher = {The Econometric Society},
  volume = {74},
  number = {2},
  pages = {539--563},
  author = {Joshua Angrist and Victor Chernozhukov and Ivan Fernandez-Val},
  title = {Quantile Regression under Misspecification,  with an Application to the U.S. Wage Structure},
  journal = {Econometrica}
}

@article{Kline/Santos:2013,
  doi = {10.3982/qe176},
  date = {2013-07},
  publisher = {The Econometric Society},
  volume = {4},
  number = {2},
  pages = {231--267},
  author = {Patrick Kline and Andres Santos},
  title = {Sensitivity to missing data assumptions: Theory and an evaluation of the U.S. wage structure},
  journal = {Quantitative Economics}
}

@techreport{Pindyck:2016,
  doi = {10.3386/w22807},
  date = {2016-11},
  publisher = {National Bureau of Economic Research},
  author = {Robert Pindyck},
  title = {The Social Cost of Carbon Revisited}
}

@techreport{Carleton/etal:2019,
  doi = {10.2139/ssrn.3224365},
  date = {2019-08-12},
  publisher = {Elsevier},
  author = {Tamma Carleton and Michael Delgado and Michael Greenstone and Trevor Houser and Solomon Hsiang and Andrew Hultgren and Amir Jina and Robert E Kopp and Kelly McCusker and Ishan Nath and James Rising and Ashwin Rode and Hee Kwon Seo and Justin Simcock and Arvid Viaene and Jiacan Yuan and Alice Tianbo Zhang},
  title = {Valuing the Global Mortality Consequences of Climate Change Accounting for Adaptation Costs and Benefits},
  journal = {{SSRN}}
}

@article{Mendelsohn:1986,
  doi = {10.1016/0095-0696(86)90001-x},
  date = {1986-12},
  publisher = {Elsevier},
  volume = {13},
  number = {4},
  pages = {301--312},
  author = {Robert Mendelsohn},
  title = {Regulating heterogeneous emissions},
  journal = {Journal of Environmental Economics and Management}
}

@article{Jacobsen/Knittel/Sallee/Benthem:2020,
  doi = {10.1086/705553},
  date = {2020-03},
  publisher = {University of Chicago Press},
  volume={128},
  number={5},
  author = {Mark R Jacobsen and Christopher R Knittel and James M Sallee and Arthur A van Benthem},
  title = {The Use of Regression Statistics to Analyze Imperfect Pricing Policies},
  journal = {Journal of Political Economy}
}

@article{Chernozhukov/Hansen:2008,
  doi = {10.1016/j.jeconom.2007.06.005},
  year = {2008-01},
  publisher = {Elsevier},
  volume = {142},
  number = {1},
  pages = {379--398},
  author = {Victor Chernozhukov and Christian Hansen},
  title = {Instrumental variable quantile regression: A robust inference approach},
  journal = {Journal of Econometrics}
}

@article{Chernozhukov/Hansen:2013,
  doi = {10.1146/annurev-economics-080511-110952},
  year = {2013-08},
  publisher = {Annual Reviews},
  volume = {5},
  number = {1},
  pages = {57--81},
  author = {Victor Chernozhukov and Christian Hansen},
  title = {Quantile Models with Endogeneity},
  journal = {Annual Review of Economics}
}

@unpublished{Nagaraj:2020,
  author={Nagaraj, Abhishek},
  date= {2020-03-05},
  urldate={2020-04-16},
  title= {The Private Impact of Public Data: Landsat Satellite Maps and Gold Exploration},
  url={http://abhishekn.com/files/nagaraj_landsat2020.pdf}
}

@article{Burnham/Han/Clark/Wang/Dunn/Palou-Rivera:2011,
  doi = {10.1021/es201942m},
  date = {2011-12},
  publisher = {American Chemical Society ({ACS})},
  volume = {46},
  number = {2},
  pages = {619--627},
  author = {Andrew Burnham and Jeongwoo Han and Corrie E Clark and Michael Wang and Jennifer B Dunn and Ignasi Palou-Rivera},
  title = {Life-Cycle Greenhouse Gas Emissions of Shale Gas,  Natural Gas,  Coal,  and Petroleum},
  journal = {Environmental Science {\&} Technology}
}

@article{obama-nat-gas,
  url={https://thehill.com/policy/energy-environment/196790-natural-gas-big-winner-in-speech-to-green-groups-dismay},
  title={Natural gas big winner in Obama \textsc{sotu} address},
  date={2014-01-29},
  author={Barron-Lopez, Laura},
  urldate={2020-04-16},
  journal={The Hill}
}

@article{Boomhower:2019,
  doi = {10.1257/aer.20160346},
  date = {2019-02},
  publisher = {American Economic Association},
  volume = {109},
  number = {2},
  pages = {391--426},
  author = {Judson Boomhower},
  title = {Drilling Like There's No Tomorrow: Bankruptcy,  Insurance,  and Environmental Risk},
  journal = {American Economic Review}
}

@article{Simonsohn/Simmons/Nelson:2015,
  doi = {10.2139/ssrn.2694998},
  date = {2015-11-25},
  publisher = {Elsevier {BV}},
  author = {Uri Simonsohn and Joseph P Simmons and Leif D Nelson},
  title = {Specification Curve: Descriptive and Inferential Statistics on All Reasonable Specifications},
  journal = {{SSRN} Electronic Journal}
}

@article{Rabe/Kaliban/Englehart:2020,
  doi = {10.1111/ropr.12369},
  date = {2020-01},
  publisher = {Wiley},
  volume = {37},
  number = {1},
  pages = {6--38},
  author = {Barry Rabe and Claire Kaliban and Isabel Englehart},
  title = {Taxing Flaring and the Politics of State Methane Release Policy},
  journal = {Review of Policy Research}
}

@techreport{Auffhammer/Rubin:2018,
  doi = {10.3386/w24295},
  date = {2018-02-12},
  publisher = {National Bureau of Economic Research},
  author = {Maximilian Auffhammer and Edward Rubin},
  title = {Natural Gas Price Elasticities and Optimal Cost Recovery Under Consumer Heterogeneity: Evidence from 300 million natural gas bills}
}

@online{noaa_ncdc,
  title={nClimDiv County HDD and CDD},
  url={ftp://ftp.ncdc.noaa.gov/pub/data/cirs/climdiv/},
  urldate={2020-03-28},
  date={2020-03-04},
  author={{National centers for Environmental Information, US National Oceanic and Atmospheric Administration}},
  shortauthor={{\textsc{noaa ncei}}}
}

@article{hdd_cdd_construction,
  doi = {10.1175/jamc-d-13-0248.1},
  date = {2014-05-09},
  publisher = {American Meteorological Society},
  volume = {53},
  number = {5},
  pages = {1232--1251},
  author = {Russell S Vose and Scott Applequist and Mike Squires and Imke Durre and Matthew J Menne and Claude N Williams and Chris Fenimore and Karin Gleason and Derek Arndt},
  title = {Improved Historical Temperature and Precipitation Time Series for U.S. Climate Divisions},
  journal = {Journal of Applied Meteorology and Climatology}
}

@techreport{Mogstad/Romano/Shaikh/Wilhelm:2020,
  doi = {10.3386/w26883},
  date = {2020-03-30},
  publisher = {National Bureau of Economic Research},
  author = {Magne Mogstad and Joseph Romano and Azeem Shaikh and Daniel Wilhelm},
  title = {Inference for Ranks with Applications to Mobility across Neighborhoods and Academic Achievement across Countries}
}

@article{Kotchen/Segerson:2019,
  doi = {10.1073/pnas.1802881115},
  date = {2019-03-19},
  publisher = {Proceedings of the National Academy of Sciences},
  volume = {116},
  number = {12},
  pages = {5285--5292},
  author = {Matthew J Kotchen and Kathleen Segerson},
  title = {On the use of group performance and rights for environmental protection and resource management},
  journal = {Proceedings of the National Academy of Sciences}
}

@article{Allingham/Sandmo:1972,
  url = {http://www.academia.edu/download/30457905/allingham-sandmo_(jpube72).pdf},
  year = {1972},
  title = {Income Tax Evasion: A Theoretical Analysis},
  author = {Allingham, Michael G and Sandmo, Agnar},
  pages = {323--338},
  journal = {Journal of Public Economics},
  publisher = {North-Holland Publishing Company}
}

@article{Hausfather:2015,
  doi = {10.1016/j.enpol.2015.07.012},
  date = {2015-11},
  publisher = {Elsevier {BV}},
  volume = {86},
  pages = {286--294},
  author = {Zeke Hausfather},
  title = {Bounding the climate viability of natural gas as a bridge fuel to displace coal},
  journal = {Energy Policy}
}

@article{Becker:1968,
  doi = {10.1086/259394},
  date = {1968-03},
  publisher = {University of Chicago Press},
  volume = {76},
  number = {2},
  pages = {169--217},
  author = {Gary S Becker},
  title = {Crime and Punishment: An Economic Approach},
  journal = {Journal of Political Economy}
}

@article{Oestreich:2017,
  doi = {10.1016/j.jeem.2017.02.005},
  date = {2017-07},
  publisher = {Elsevier},
  volume = {84},
  pages = {62--83},
  author = {Oestreich, Andreas Marcel},
  title = {On optimal audit mechanisms for environmental taxes},
  journal = {Journal of Environmental Economics and Management}
}

@article{Harrington:1988,
  doi = {10.1016/0047-2727(88)90003-5},
  year = {1988},
  month = {10},
  publisher = {Elsevier},
  volume = {37},
  number = {1},
  pages = {29--53},
  author = {Harrington, Winston},
  title = {Enforcement leverage when penalties are restricted},
  journal = {Journal of Public Economics}
}

@jurisdiction{exxon_v_baker:2008,
  title={Exxon Shipping Co. v. Baker},
  date={2008-02-27},
  volume={554},
  pages={471},
  number={07-219}
}

@article{Blundell/Gowrisankaran/Langer:2020,
  doi = {10.1257/aer.20181012},
  date = {2020-08},
  publisher = {American Economic Association},
  volume = {110},
  number = {8},
  pages = {2558--2585},
  author = {Wesley Blundell and Gautam Gowrisankaran and Ashley Langer},
  title = {Escalation of Scrutiny: The Gains from Dynamic Enforcement of Environmental Regulations},
  journal = {American Economic Review}
}

@article{Polinsky/Shavell:1979,
  title={The Optimal Tradeoff between the Probability and Magnitude of Fines},
  author={Polinsky, A Mitchell and Shavell, Steven},
  journal={The American Economic Review},
  volume={69},
  number={5},
  pages={880--891},
  date={1979-12},
  publisher={JSTOR}
}

@article{Polinsky/Shavell:1992,
  doi = {10.1086/467247},
  date = {1992-04},
  publisher = {University of Chicago Press},
  volume = {35},
  number = {1},
  pages = {133--148},
  author={Polinsky, A Mitchell and Shavell, Steven},
  title = {Enforcement Costs and the Optimal Magnitude and Probability of Fines},
  journal = {The Journal of Law and Economics}
}

@article{Oliva:2015,
  doi = {10.1086/680936},
  date = {2015-06},
  publisher = {University of Chicago Press},
  volume = {123},
  number = {3},
  pages = {686--724},
  author = {Paulina Oliva},
  title = {Environmental Regulations and Corruption: Automobile Emissions in Mexico City},
  journal = {Journal of Political Economy}
}

@article{Manning/Duan/Rogers:1987,
  title={Monte Carlo evidence on the choice between sample selection and two-part models},
  author={Manning, Willard G and Duan, Naihua and Rogers, William H},
  journal={Journal of econometrics},
  volume={35},
  number={1},
  pages={59--82},
  year={1987},
  publisher={Elsevier}
}

@article{Gilbert/Roberts:2020,
  doi = {10.1086/708160},
  date = {2020-07},
  publisher = {University of Chicago Press},
  volume = {7},
  number = {4},
  pages = {619--658},
  author = {Ben Gilbert and Gavin Roberts},
  title = {Drill-Bit Parity: Supply-Side Links in Oil and Gas Markets},
  journal = {Journal of the Association of Environmental and Resource Economists}
}

@article{Huggins/Miller:2019,
  title={Robust Inference and Model Criticism Using Bagged Posteriors},
  author={Jonathan H Huggins and Jeffrey W Miller},
  year={2019},
  eprint={1912.07104},
  archivePrefix={arXiv},
  primaryClass={stat.ME}
}

@article{Meager:2019,
  doi = {10.1257/app.20170299},
  date = {2019-01},
  publisher = {American Economic Association},
  volume = {11},
  number = {1},
  pages = {57--91},
  author = {Rachael Meager},
  title = {Understanding the Average Impact of Microcredit Expansions: A Bayesian Hierarchical Analysis of Seven Randomized Experiments},
  journal = {American Economic Journal: Applied Economics}
}

@article{bayes_r2,
  doi = {10.1080/00031305.2018.1549100},
  date = {2019-05},
  publisher = {Informa {UK} Limited},
  volume = {73},
  number = {3},
  pages = {307--309},
  author = {Andrew Gelman and Ben Goodrich and Jonah Gabry and Aki Vehtari},
  title = {R-squared for Bayesian Regression Models},
  journal = {The American Statistician}
}

@book{Pigou:1932,
  publisher={Macmillan and Co},
  edition={4},
  year={1932},
  author={Pigou, Arthur Cecil},
  title={The Economics of Welfare},
  chapter={9},
  part={2}
}


@article{Chetty/Friedman/Rockoff:2014,
  doi = {10.1257/aer.104.9.2593},
  date = {2014-09},
  publisher = {American Economic Association},
  volume = {104},
  number = {9},
  pages = {2593--2632},
  author = {Raj Chetty and John N Friedman and Jonah E Rockoff},
  title = {Measuring the Impacts of Teachers I: Evaluating Bias in Teacher Value-Added Estimates},
  journal = {American Economic Review}
}

@article{Yang/Eckles/Dhillon/Aral:2020,
  title={Targeting for long-term outcomes},
  author={Jeremy Yang and Dean Eckles and Paramveer Dhillon and Sinan Aral},
  date={2020-10-29},
  eprint={2010.15835},
  archivePrefix={arXiv},
  primaryClass={cs.LG}
}

@article{Gelman/etal:2020,
  title={Bayesian Workflow},
  author={Andrew Gelman and Aki Vehtari and Daniel Simpson and Charles C Margossian and Bob Carpenter and Yuling Yao and Lauren Kennedy and Jonah Gabry and Paul-Christian B\"{u}rkner and Martin Modr\'{a}k},
  date={2020-11-03},
  eprint={2011.01808},
  archivePrefix={arXiv},
  primaryClass={stat.ME}
}

@article{Wang/Deng/Zhou/Yu:2019,
  doi = {10.1016/j.jclepro.2018.11.058},
  date = {2019-02},
  publisher = {Elsevier {BV}},
  volume = {209},
  pages = {1494--1507},
  author = {Pei Wang and Xiangzheng Deng and Huimin Zhou and Shangkun Yu},
  title = {Estimates of the social cost of carbon: A review based on meta-analysis},
  journal = {Journal of Cleaner Production}
}

@online{epa-egrid-2018,
  url={https://www.epa.gov/sites/production/files/2020-01/documents/egrid2018_summary_tables.pdf},
  year={2020},
  title={Emissions \& Generation Resource Integrated Database (eGRID) 2018},
  author={{US Environmental Protection Agency}},
  shortauthor={{EPA}}
}

@article{Mallapragada/Mignone:2019,
  doi = {10.1007/s10584-019-02486-7},
  date = {2019-09-09},
  publisher = {Springer Science and Business Media {LLC}},
  volume = {158},
  number = {2},
  pages = {107--124},
  author = {Dharik S Mallapragada and Bryan K Mignone},
  title = {A theoretical basis for the equivalence between physical and economic climate metrics and implications for the choice of Global Warming Potential time horizon},
  journal = {Climatic Change}
}

@article{Sarofim/Giordano:2018,
  doi = {10.5194/esd-9-1013-2018},
  date = {2018-08-17},
  publisher = {Copernicus {GmbH}},
  volume = {9},
  number = {3},
  pages = {1013--1024},
  author = {Marcus C Sarofim and Michael R Giordano},
  title = {A quantitative approach to evaluating the {GWP} timescale through implicit discount rates},
  journal = {Earth System Dynamics}
}

@article{Burgess/Hansen/Olken/Potapov/Sieber:2012,
  doi = {10.1093/qje/qjs034},
  date = {2012-11-19},
  publisher = {Oxford University Press},
  volume = {127},
  number = {4},
  pages = {1707--1754},
  author = {Robin Burgess and Matthew Hansen and Benjamin A Olken and Peter Potapov and Stefanie Sieber},
  title = {The Political Economy of Deforestation in the Tropics},
  journal = {The Quarterly Journal of Economics}
}

@article{Agerton/Gilbert/Upton:2023,
  doi = {10.1086/725004},
  date = {2023-07-26},
  publisher = {University of Chicago Press},
  volume = {17},
  number = {2},
  pages = {251--273},
  author = {Mark Agerton and Ben Gilbert and Gregory B. Upton},
  title = {The Economics of Natural Gas Flaring and Methane Emissions in {US} Shale: An Agenda for Research and Policy},
  journal = {Review of Environmental Economics and Policy}
}

@phdthesis{Lau:2021,
  author = {Lau, Peiley},
  title = {Essays in Monitoring and Enforcement of Environmental and Agricultural Policies},
  year = {2021},
  pages = {1--64},
  url = {https://escholarship.org/uc/item/5j60g25k},
  institution = {UC Berkeley}
}

@article{Duflo/Greenstone/Pande/Ryan:2018,
  doi = {10.3982/ecta12876},
  year = {2018},
  publisher = {The Econometric Society},
  volume = {86},
  number = {6},
  pages = {2123--2160},
  author = {Esther Duflo and Michael Greenstone and Rohini Pande and Nicholas Ryan},
  title = {The Value of Regulatory Discretion: Estimates From Environmental Inspections in India},
  journal = {Econometrica}
}

@article{Gilpatric/Vossler/McKee:2011,
  doi = {10.1111/j.1756-2171.2011.00134.x},
  year = {2011},
  month = {5},
  publisher = {Wiley},
  volume = {42},
  number = {2},
  pages = {292--312},
  author = {Gilpatric, Scott M and Vossler, Christian A and McKee, Michael},
  title = {Regulatory enforcement with competitive endogenous audit mechanisms},
  journal = {The {RAND} Journal of Economics}
}

@article{Cason/Friesen/Gangadharan:2016,
  doi = {10.1016/j.euroecorev.2016.03.009},
  year = {2016},
  month = {6},
  publisher = {Elsevier},
  volume = {85},
  pages = {288--306},
  author = {Cason, Timothy N and Friesen, Lana and Gangadharan, Lata},
  title = {Regulatory performance of audit tournaments and compliance observability},
  journal = {European Economic Review}
}

@article{Xepapadeas:2011,
  doi = {10.1146/annurev-resource-083110-115945},
  year = {2011},
  month = {10},
  publisher = {Annual Reviews},
  volume = {3},
  number = {1},
  pages = {355--373},
  author = {Anastasios Xepapadeas},
  title = {The Economics of Non-Point-Source Pollution},
  journal = {Annual Review of Resource Economics}
}

% additional theoretical literature

@article{gilpatric2015using,
  title={Using competition to stimulate regulatory compliance: A tournament-based dynamic targeting mechanism},
  author={Gilpatric, Scott M and Vossler, Christian A and Liu, Lirong},
  journal={Journal of Economic Behavior \& Organization},
  volume={119},
  pages={182--196},
  month={11},
  year={2015},
  doi={10.1016/j.jebo.2015.08.006},
  publisher={Elsevier}
}

@article{cason2016regulatory,
  title={Regulatory performance of audit tournaments and compliance observability},
  author={Cason, Timothy N and Friesen, Lana and Gangadharan, Lata},
  journal={European Economic Review},
  volume={85},
  pages={288--306},
  year={2016},
  month={6},
  doi={10.1016/j.euroecorev.2016.03.009},
  publisher={Elsevier}
}

@article{oestreich2015firms,
  title={Firms' emissions and self-reporting under competitive audit mechanisms},
  author={Oestreich, Andreas Marcel},
  journal={Environmental and Resource Economics},
  volume={62},
  number={4},
  pages={949--978},
  year={2015},
  doi={https://doi.org/10.1007/s10640-014-9855-z},
  publisher={Springer}
}

@article{Prest:2022,
  title={Supply-Side Reforms to Oil and Gas Production on Federal Lands: Modeling the Implications for \ce{CO2} Emissions, Federal Revenues, and Leakage},
  author={Prest, Brian C},
  journal={Journal of the Association of Environmental and Resource Economists},
  volume={9},
  number={4},
  pages={681--720},
  year={2022},
  doi={10.1086/718963}
}

@article{Altonji/Elder/Taber:2005,
  title={Selection on observed and unobserved variables: Assessing the effectiveness of Catholic schools},
  author={Altonji, Joseph G and Elder, Todd E and Taber, Christopher R},
  journal = {Journal of Political Economy},
  volume={113},
  number={1},
  pages={151--184},
  year={2005},
  month={2},
  publisher={The University of Chicago Press},
  doi={10.1086/426036}
}

@article{Oster:2019,
  doi = {10.1080/07350015.2016.1227711},
  year = {2019},
  volume = {37},
  number = {2},
  pages = {187--204},
  author = {Oster, Emily},
  title = {Unobservable Selection and Coefficient Stability: Theory and Evidence},
  journal = {Journal of Business \& Economic Statistics}
}

@article{Mohlin/Lackner/Nguyen/Wolfe:2022,
  doi = {10.2139/ssrn.4136535},
  date = {2022-06-14},
  author = {Kristina Mohlin and Maureen Lackner and Huong Nguyen and Aaron Wolfe},
  title = {Policy Instrument Options for Addressing Methane Emissions from the Oil and Gas Sector},
  journal = {Environmental Defense Fund Economics Discussion Paper Series},
  number = {22-01}
}

@article{Dobson/Goodday/Winter:2023,
  doi = {10.1561/101.00000146},
  date = {2023-01-16},
  publisher = {Now Publishers},
  volume = {16},
  number = {3-4},
  pages = {309--429},
  author = {Sarah Dobson and Victoria Goodday and Jennifer Winter},
  title = {If It Matters,  Measure It: A Review of Methane Sources and Mitigation Policy in Canada},
  journal = {International Review of Environmental and Resource Economics}
}
