@Manual{r_core,
  title = {R: A Language and Environment for Statistical Computing},
  author = {{R Core Team}},
  organization = {R Foundation for Statistical Computing},
  address = {Vienna, Austria},
  year = {2022},
  url = {https://www.R-project.org/},
}

@Manual{arrow,
  title = {arrow: Integration to 'Apache' 'Arrow'},
  author = {Neal Richardson and Ian Cook and Nic Crane and Jonathan Keane and Romain François and Jeroen Ooms and {Apache Arrow}},
  note = {https://github.com/apache/arrow/, https://arrow.apache.org/docs/r/},
}

@Manual{cmdstanr,
  title = {cmdstanr: R Interface to 'CmdStan'},
  author = {Jonah Gabry and Rok Češnovar},
  year = {2022},
  note = {https://mc-stan.org/cmdstanr/, https://discourse.mc-stan.org},
}

@Manual{curl,
  title = {curl: A Modern and Flexible Web Client for R},
  author = {Jeroen Ooms},
  year = {2021},
  note = {4.3.2},
  url = {https://CRAN.R-project.org/package=curl},
}

@Manual{data.table,
  title = {data.table: Extension of `data.frame`},
  author = {Matt Dowle and Arun Srinivasan},
  year = {2021},
  note = {1.14.0},
  url = {https://CRAN.R-project.org/package=data.table},
}

@Manual{dplyr,
  title = {dplyr: A Grammar of Data Manipulation},
  author = {Hadley Wickham and Romain François and Lionel Henry and Kirill Müller},
  year = {2021},
  note = {1.0.7},
  url = {https://CRAN.R-project.org/package=dplyr},
}

@Manual{fs,
  title = {fs: Cross-Platform File System Operations Based on 'libuv'},
  author = {Jim Hester and Hadley Wickham},
  year = {2020},
  note = {1.5.0},
  url = {https://CRAN.R-project.org/package=fs},
}

@Manual{furrr,
  title = {furrr: Apply Mapping Functions in Parallel using Futures},
  author = {Davis Vaughan and Matt Dancho},
  year = {2021},
  note = {0.2.3},
  url = {https://CRAN.R-project.org/package=furrr},
}

@Misc{future,
  author = {Henrik Bengtsson},
  title = {A Unifying Framework for Parallel and Distributed Processing in R using Futures},
  year = {2020},
  month = {aug},
  eprint = {2008.00553},
  archiveprefix = {arXiv},
  primaryclass = {cs.DC},
  url = {https://arxiv.org/abs/2008.00553},
}

@Book{ggplot2,
  author = {Hadley Wickham},
  title = {ggplot2: Elegant Graphics for Data Analysis},
  publisher = {Springer-Verlag New York},
  year = {2016},
  isbn = {978-3-319-24277-4},
  url = {https://ggplot2.tidyverse.org},
}

@Manual{ggpattern,
  title = {ggpattern: 'ggplot2' Pattern Geoms},
  author = {Mike FC and Trevor L Davis and {ggplot2 authors}},
  year = {2022},
  note = {1.0.0},
  url = {https://CRAN.R-project.org/package=ggpattern},
}

@Manual{glue,
  title = {glue: Interpreted String Literals},
  author = {Jim Hester and Jennifer Bryan},
  year = {2022},
  note = {1.6.2},
  url = {https://CRAN.R-project.org/package=glue},
}

@Manual{gt,
  title = {gt: Easily Create Presentation-Ready Display Tables},
  author = {Richard Iannone and Joe Cheng and Barret Schloerke},
  year = {2021},
  note = {0.3.0},
  url = {https://CRAN.R-project.org/package=gt},
}

@Manual{here,
  title = {here: A Simpler Way to Find Your Files},
  author = {Kirill Müller},
  year = {2020},
  note = {1.0.1},
  url = {https://CRAN.R-project.org/package=here},
}

@Article{igraph,
  title = {The igraph software package for complex network research},
  author = {Gabor Csardi and Tamas Nepusz},
  journal = {InterJournal},
  volume = {Complex Systems},
  pages = {1695},
  year = {2006},
  url = {https://igraph.org},
}

@Article{jsonlite,
  title = {The jsonlite Package: A Practical and Consistent Mapping Between JSON Data and R Objects},
  author = {Jeroen Ooms},
  journal = {arXiv:1403.2805 [stat.CO]},
  year = {2014},
  url = {https://arxiv.org/abs/1403.2805},
}

@Article{lubridate,
  title = {Dates and Times Made Easy with {lubridate}},
  author = {Garrett Grolemund and Hadley Wickham},
  journal = {Journal of Statistical Software},
  year = {2011},
  volume = {40},
  number = {3},
  pages = {1--25},
  url = {https://www.jstatsoft.org/v40/i03/},
}

@Manual{magrittr,
  title = {magrittr: A Forward-Pipe Operator for R},
  author = {Stefan Milton Bache and Hadley Wickham},
  year = {2020},
  note = {2.0.1},
  url = {https://CRAN.R-project.org/package=magrittr},
}

@Manual{matrixStats,
  title = {matrixStats: Functions that Apply to Rows and Columns of Matrices (and to
Vectors)},
  author = {Henrik Bengtsson},
  year = {2021},
  note = {0.60.0},
  url = {https://CRAN.R-project.org/package=matrixStats},
}

@Manual{nngeo,
  title = {nngeo: k-Nearest Neighbor Join for Spatial Data},
  author = {Michael Dorman},
  year = {2021},
  note = {0.4.3},
  url = {https://CRAN.R-project.org/package=nngeo},
}

@Misc{posterior,
  title = {posterior: Tools for Working with Posterior Distributions},
  author = {Paul-Christian Bürkner and Jonah Gabry and Matthew Kay and Aki Vehtari},
  year = {2023},
  note = {1.4.1},
  url = {https://mc-stan.org/posterior/},
}

@Manual{powerjoin,
  title = {powerjoin: Extensions of 'dplyr' and 'fuzzyjoin' Join Functions},
  author = {Antoine Fabri},
  year = {2022},
  note = {0.1.0},
  url = {https://CRAN.R-project.org/package=powerjoin},
}

@Manual{processx,
  title = {processx: Execute and Control System Processes},
  author = {Gábor Csárdi and Winston Chang},
  year = {2021},
  note = {3.5.2},
  url = {https://CRAN.R-project.org/package=processx},
}

@Manual{purrr,
  title = {purrr: Functional Programming Tools},
  author = {Hadley Wickham and Lionel Henry},
  year = {2022},
  note = {1.0.0},
  url = {https://CRAN.R-project.org/package=purrr},
}

@Manual{RColorBrewer,
  title = {RColorBrewer: ColorBrewer Palettes},
  author = {Erich Neuwirth},
  year = {2014},
  note = {1.1-2},
  url = {https://CRAN.R-project.org/package=RColorBrewer},
}

@Manual{readxl,
  title = {readxl: Read Excel Files},
  author = {Hadley Wickham and Jennifer Bryan},
  year = {2019},
  note = {1.3.1},
  url = {https://CRAN.R-project.org/package=readxl},
}

@Manual{remotes,
  title = {remotes: R Package Installation from Remote Repositories, Including
'GitHub'},
  author = {Gábor Csárdi and Jim Hester and Hadley Wickham and Winston Chang and Martin Morgan and Dan Tenenbaum},
  year = {2021},
  note = {2.4.2},
  url = {https://CRAN.R-project.org/package=remotes},
}

@Manual{rlang,
  title = {rlang: Functions for Base Types and Core R and 'Tidyverse' Features},
  author = {Lionel Henry and Hadley Wickham},
  year = {2023},
  note = {1.1.0},
  url = {https://CRAN.R-project.org/package=rlang},
}

@Article{sf,
  author = {Edzer Pebesma},
  title = {{Simple Features for R: Standardized Support for Spatial Vector Data}},
  year = {2018},
  journal = {{The R Journal}},
  doi = {10.32614/RJ-2018-009},
  url = {https://doi.org/10.32614/RJ-2018-009},
  pages = {439--446},
  volume = {10},
  number = {1},
}

@Manual{stringr,
  title = {stringr: Simple, Consistent Wrappers for Common String Operations},
  author = {Hadley Wickham},
  year = {2019},
  note = {1.4.0},
  url = {https://CRAN.R-project.org/package=stringr},
}

@Manual{tibble,
  title = {tibble: Simple Data Frames},
  author = {Kirill Müller and Hadley Wickham},
  year = {2021},
  note = {3.1.3},
  url = {https://CRAN.R-project.org/package=tibble},
}

@Manual{tidyr,
  title = {tidyr: Tidy Messy Data},
  author = {Hadley Wickham},
  year = {2021},
  note = {1.1.3},
  url = {https://CRAN.R-project.org/package=tidyr},
}

@Manual{tidyselect,
  title = {tidyselect: Select from a Set of Strings},
  author = {Lionel Henry and Hadley Wickham},
  year = {2021},
  note = {1.1.1},
  url = {https://CRAN.R-project.org/package=tidyselect},
}

@Article{units,
  title = {Measurement Units in {R}},
  author = {Edzer Pebesma and Thomas Mailund and James Hiebert},
  year = {2016},
  journal = {R Journal},
  doi = {10.32614/RJ-2016-061},
  pages = {486--494},
  volume = {8},
  number = {2},
}

@Manual{unix,
  title = {unix: POSIX System Utilities},
  author = {Jeroen Ooms},
  year = {2020},
  note = {1.5.2},
  url = {https://CRAN.R-project.org/package=unix},
}

@Manual{xml2,
  title = {xml2: Parse XML},
  author = {Hadley Wickham and Jim Hester and Jeroen Ooms},
  year = {2020},
  note = {1.3.2},
  url = {https://CRAN.R-project.org/package=xml2},
}
